@article{gallego2020event,
  author = {Gallego, Guillermo and Delbruck, Tobi and Orchard, Garrick and Bartolozzi, Chiara and Taba, Brian and Censi, Andrea and Leutenegger, Stefan and Davison, Andrew J. and Conradt, Jorg and Daniilidis, Kostas and Scaramuzza, Davide},
  journal = {IEEE Transactions on Pattern Analysis and Machine Intelligence},
  volume = {44},
  number = {1},
  pages = {154--180},
  title = {{Event-Based Vision: A Survey}},
  type = {article},
  year = {2020},
  publisher = {IEEE},
  doi = {10.1109/tpami.2020.3008413}
}

@inproceedings{shen2019vehicular,
  author = {Shen, Wen-Ho and Chen, Po-Wei and Tsai, Hsuan-Min},
  booktitle = {{2018 IEEE Vehicular Networking Conference (VNC)}},
  pages = {1--8},
  title = {{Vehicular Visible Light Communication with Dynamic Vision Sensor: A Preliminary Study}},
  type = {inproceedings},
  year = {2019},
  publisher = {IEEE},
  doi = {10.1109/VNC.2018.8628425}
}

@article{jung2014rssr,
  author = {Soo-Yong Jung and Seong Ro Lee and Chang-Soo Park},
  title = {{Indoor location awareness based on received signal strength ratio and time division multiplexing using light-emitting diode light}},
  volume = {53},
  journal = {Optical Engineering},
  number = {1},
  publisher = {SPIE},
  pages = {016106},
  keywords = {Light emitting diodes, Lamps, Received signal strength, Time division multiplexing, Sensors, Telecommunications, Optical engineering, Receivers, Modulation, Systems modeling},
  year = {2014},
  doi = {10.1117/1.OE.53.1.016106},
  URL = {https://doi.org/10.1117/1.OE.53.1.016106}
}

@article{bai2021vlp,
  author = {Bai, Lin and Yang, Yang and Zhang, Zhitao and Feng, Chunyan and Guo, Caili and Cheng, Julian},
  journal = {IEEE Transactions on Wireless Communications},
  volume = {20},
  number = {9},
  pages = {5730--5743},
  title = {{A High-Coverage Camera Assisted Received Signal Strength Ratio Algorithm for Indoor Visible Light Positioning}},
  type = {article},
  year = {2021},
  publisher = {IEEE},
  doi = {10.1109/TWC.2021.3069722}
}

@article{lendermann2018computational,
  author = {Lendermann, Markus and Tan, Joel Shi Quan and Koh, Jin Ming and Cheong, Kang Hao},
  journal = {Scientific Reports},
  volume = {8},
  number = {1},
  pages = {16919},
  title = {{Computational Imaging Prediction of Starburst-Effect Diffraction Spikes}},
  type = {article},
  year = {2018},
  publisher = {Springer Nature},
  doi = {10.1038/s41598-018-34400-z}
}